@misc{contactout,
  author       = {{ContactOut}},
  title        = {ContactOut},
  howpublished = {\url{https://contactout.com/}},
  note         = {Accessed: 2024-06-10}
}

@misc{mrholmes,
  author       = {Wang, Yujie and Li, Yujun},
  title        = {{Mr.\,Holmes}},
  howpublished = {\url{https://github.com/Lucksi/Mr.Holmes}},
  note         = {GitHub repository, accessed June 7, 2025}
}
@misc{linkedin2025,
  author       = {{LinkedIn Corporation}},
  title        = {{LinkedIn: Professional Networking Platform}},
  howpublished = {\url{https://www.linkedin.com/}},
  year         = {2025},
  note         = {Accessed June 7, 2025}
}

@misc{google2025,
  author       = {{Google LLC}},
  title        = {{Google Search}},
  howpublished = {\url{https://www.google.com/}},
  year         = {2025},
  note         = {Accessed June 7, 2025}
}